% Encoding: UTF-8

@Book{rawlings:mayne,
  title     = {{Model Predictive Control: Theory and Design}},
  publisher = {Nob Hill Publishing},
  year      = {2008},
  author    = {J. Rawlings and D. Mayne},
  owner     = {Sergio},
  timestamp = {2013.09.15},
}

@Comment{jabref-meta: databaseType:bibtex;}
